<record><leader>00000cas a22000007a 4500</leader><controlfield tag="001">20179530</controlfield><controlfield tag="008">890815d18941898mouwr ne      0    0eng d</controlfield><datafield ind1=" " ind2=" " tag="010"><subfield code="a">sn 89066926 </subfield></datafield><datafield ind1=" " ind2=" " tag="040"><subfield code="a">MQN</subfield><subfield code="b">eng</subfield><subfield code="c">MQN</subfield><subfield code="d">OCLCQ</subfield></datafield><datafield ind1=" " ind2=" " tag="042"><subfield code="a">msc</subfield></datafield><datafield ind1="0" ind2="0" tag="245"><subfield code="a">Crawford County telephone.</subfield></datafield><datafield ind1="1" ind2="3" tag="246"><subfield code="a">Telephone</subfield></datafield><datafield ind1=" " ind2=" " tag="260"><subfield code="a">Cuba, Crawford County, Mo. :</subfield><subfield code="b">John Harris,</subfield><subfield code="c">-1898.</subfield></datafield><datafield ind1=" " ind2=" " tag="300"><subfield code="a">v.</subfield></datafield><datafield ind1=" " ind2=" " tag="310"><subfield code="a">Weekly</subfield></datafield><datafield ind1="1" ind2=" " tag="362"><subfield code="a">Began in 1894?</subfield></datafield><datafield ind1="0" ind2=" " tag="362"><subfield code="a">-v. 14, no. 52 (Dec. 30, 1898).</subfield></datafield><datafield ind1=" " ind2=" " tag="588"><subfield code="a">Description based on: Vol. 12, no. 7 (Jan. 3, 1896).</subfield></datafield><datafield ind1=" " ind2=" " tag="752"><subfield code="a">United States</subfield><subfield code="b">Missouri</subfield><subfield code="c">Crawford</subfield><subfield code="d">Cuba.</subfield></datafield><datafield ind1="0" ind2="0" tag="785"><subfield code="t">Telephone (Cuba, Mo.)</subfield><subfield code="w">(DLC)sn 89066927</subfield></datafield></record>